<record><leader>00000cas a22000007a 4500</leader><controlfield tag="001">22334283</controlfield><controlfield tag="008">900905d19861990ohuwr ne      0    0eng d</controlfield><datafield ind1=" " ind2=" " tag="010"><subfield code="a">sn 90068427 </subfield></datafield><datafield ind1=" " ind2=" " tag="040"><subfield code="a">ONP</subfield><subfield code="b">eng</subfield><subfield code="c">ONP</subfield><subfield code="d">OCLCQ</subfield></datafield><datafield ind1=" " ind2=" " tag="042"><subfield code="a">msc</subfield></datafield><datafield ind1="0" ind2=" " tag="130"><subfield code="a">Sun observer (South Euclid, Ohio)</subfield></datafield><datafield ind1="1" ind2="0" tag="245"><subfield code="a">Sun observer.</subfield></datafield><datafield ind1=" " ind2=" " tag="260"><subfield code="a">South Euclid, Ohio :</subfield><subfield code="b">Sun Newspapers,</subfield><subfield code="c">1986-1990.</subfield></datafield><datafield ind1=" " ind2=" " tag="300"><subfield code="a">v.</subfield></datafield><datafield ind1=" " ind2=" " tag="310"><subfield code="a">Weekly</subfield></datafield><datafield ind1="0" ind2=" " tag="362"><subfield code="a">Mar. 6, 1986-Feb. 22, 1990.</subfield></datafield><datafield ind1=" " ind2=" " tag="752"><subfield code="a">United States</subfield><subfield code="b">Ohio</subfield><subfield code="c">Cuyahoga</subfield><subfield code="d">South Euclid.</subfield></datafield></record>